<?xml version="1.0" encoding="UTF-8"?><collection xmlns="http://www.loc.gov/MARC21/slim"><record><leader>00378nam--2200133-i-4500</leader><controlfield tag="001">000032289</controlfield><controlfield tag="002">20161230</controlfield><controlfield tag="005">20161230201039</controlfield><controlfield tag="008">060222s1000------------r-----000-0-eng-d</controlfield><datafield ind1=" " ind2=" " tag="080"><subfield code="a">51:66.0</subfield></datafield><datafield ind1=" " ind2=" " tag="100"><subfield code="a">Mickey, H.S., Sherwood, T.K., Reed, C.E</subfield></datafield><datafield ind1=" " ind2=" " tag="245"><subfield code="a">Applied mathematics in chemical engineering</subfield></datafield><datafield ind1=" " ind2=" " tag="260"><subfield code="a">New York, Mcgraw-hill Comp., Inc.,1957. Xii + 413p</subfield></datafield><datafield ind1=" " ind2=" " tag="852"><subfield code="a">14551</subfield></datafield></record></collection>